%Artigo de periodico
@article{article2016,
address={Local},
author={Autor},
journal={Revista ou periódico},
number={Num},
pages={pi-pf},  
title={Titulo},
volume={Vol},
year={Ano}}

%-------------------------------------------
%Artigo de evento
@inproceedings{inproceedings2016,
address={Local da publicação},
author={Autor},
booktitle={Anais...},
conference-number={Num. da conf.},
conference-year={Ano da conf.},
conference-location={Local da conf.}
organization={Nome da conf.},
pages={pi=pf},  
publisher={IFRN},
title={Titulo},
year={Ano da publicação}}

%-------------------------------------------
%Livro
@book{book2016,
address={Local},
author={Autor},
edition={Edição},
pages={Total de paginas},  
publisher={Editora},
title={Titulo},
year={ano}}	


%-------------------------------------------
%Cap.de livro. (AutorC == AutorL)
@inbook{inbook2016,
address={Local},
author={Autor},
booktitle={Titulo do livro},
chapter={Numero do Cap.},
edition={Edicao},
pages={pi-pf},  
publisher={Editora},
title={Titulo},
year={Ano}}


%-------------------------------------------
%Cap.de livro. (AutorC != AutorL)
@incollection{incollection2016,
address={Local},
author={Autor},
booktitle={Titulo do livro},
chapter={Num. do capitulo},
editor={Nome do Editor},
editortype={Org.},
edition={Num. edicao},
pages={pi-pf},  
publisher={Editora},
title={Titulo},
year={Ano}}

%-------------------------------------------
%EXEMPLO
%-------------------------------------------
@book{tanebaun2010,
	address={S\~{a}o Paulo},
	author={Andrew S. Tanebaum},
	edition={3},
	pages={638},  
	publisher={Pearlson Prentice Hall},
	title={Sistemas Operacionais Modernos},
	year={2010}}	
}
